@article{Hubel1968,
    archivePrefix = {arXiv},
    arxivId = {NIHMS150003},
    author = {Hubel, D. H. and Wiesel, T. N.},
    doi = {10.1113/jphysiol.1968.sp008455},
    eprint = {NIHMS150003},
    isbn = {0022-3077 (Print)$\backslash$r0022-3077 (Linking)},
    issn = {14697793},
    journal = {The Journal of Physiology},
    pmid = {7931532},
    title = {{Receptive fields and functional architecture of monkey striate cortex}},
    year = {1968}
}

@incollection{lecun1999,
  title={Object recognition with gradient-based learning},
  author={LeCun, Yann and Haffner, Patrick and Bottou, L{\'e}on and Bengio, Yoshua},
  booktitle={Shape, contour and grouping in computer vision},
  pages={319--345},
  year={1999},
  publisher={Springer}
}

